@book{robinson2013graph,
  title={Graph databases},
  author={Robinson, Ian and Webber, Jim and Eifrem, Emil},
  year={2013},
  publisher={" O'Reilly Media, Inc."}
}

@misc{lazarevich_2018, title={So You Have an Idea for an eCommerce Chatbot â€“ Chatbots Magazine}, url={https://chatbotsmagazine.com/so-you-have-an-idea-for-an-ecommerce-chatbot-1e190448b88a}, journal={Chatbots Magazine}, publisher={Chatbots Magazine}, author={Lazarevich, Katherine}, year={2018}, month={May}}

@misc{neo4j, title={The Neo4j Graph Platform - The \#1 Platform for Connected Data}, url={https://neo4j.com/}, journal={Neo4j Graph Database Platform}}

@misc{telegrambot, title={Bots: An introduction for developers}, url={https://core.telegram.org/bots}, journal={Telegram APIs}}

